<collection xmlns="http://www.loc.gov/MARC21/slim">
<record>
  <leader>01404nam0a22002891i 450 </leader>
  <controlfield tag="001">IT\ICCU\CNCE\042646</controlfield>
  <controlfield tag="005">20101005000000.0</controlfield>
  <datafield tag="012" ind1=" " ind2=" ">
    <subfield code="a">o-o- sai- emu- noi- (C) 1588 (Q)</subfield>
    <subfield code="2">fei</subfield>
  </datafield>
  <datafield tag="100" ind1=" " ind2=" ">
    <subfield code="a">19981216f1588        0itac0103    ba</subfield>
  </datafield>
  <datafield tag="101" ind1=" " ind2=" ">
    <subfield code="a">LAT</subfield>
  </datafield>
  <datafield tag="102" ind1=" " ind2=" ">
    <subfield code="a">IT</subfield>
  </datafield>
  <datafield tag="200" ind1="1" ind2=" ">
    <subfield code="a">Bulla s.d.n.pp. Gregorii XIII de facultate concessa praesidentibus s. Montis Pietatis deligendi octo notarios Turroni, et illum, qui notariorum caput nuncupatur</subfield>
  </datafield>
  <datafield tag="210" ind1=" " ind2=" ">
    <subfield code="a">Bononiae</subfield>
    <subfield code="c">apud Victorium Benatium impressorem cameralem</subfield>
    <subfield code="d">\non prima del 1588!</subfield>
  </datafield>
  <datafield tag="215" ind1=" " ind2=" ">
    <subfield code="a">8 p.</subfield>
    <subfield code="d">4ʻ</subfield>
  </datafield>
  <datafield tag="300" ind1=" " ind2=" ">
    <subfield code="a">Data di emanazione: 22 marzo 1581. - La data si ricava dall&apos;attivit ̉del tipografo</subfield>
  </datafield>
  <datafield tag="620" ind1=" " ind2=" ">
    <subfield code="a">IT</subfield>
    <subfield code="d">Bologna</subfield>
  </datafield>
  <datafield tag="710" ind1="0" ind2="2">
    <subfield code="a"></subfield>
    <subfield code="c"> &lt;Bologna&gt;</subfield>
    <subfield code="3">7696</subfield>
  </datafield>
  <datafield tag="702" ind1=" " ind2="0">
    <subfield code="a">Gregorius</subfield>
    <subfield code="c"> &lt;papa</subfield>
    <subfield code="c"> ; 13.&gt;</subfield>
    <subfield code="3">IT\ICCU\CNCA\000020</subfield>
  </datafield>
  <datafield tag="712" ind1="0" ind2="0">
    <subfield code="a">Benacci, Vittorio</subfield>
    <subfield code="3">IT\ICCU\CNCT\000021</subfield>
    <subfield code="4">650</subfield>
  </datafield>
  <datafield tag="791" ind1="0" ind2="2">
    <subfield code="a">Mons pietatis ciuitatis Bononiae</subfield>
    <subfield code="3">23104</subfield>
    <subfield code="z">Monte di piet ̉&lt;Bologna&gt;</subfield>
  </datafield>
  <datafield tag="791" ind1="0" ind2="2">
    <subfield code="a"></subfield>
    <subfield code="c"> &lt;Bologna&gt;</subfield>
    <subfield code="3">28250</subfield>
    <subfield code="z">Monte di piet ̉&lt;Bologna&gt;</subfield>
  </datafield>
  <datafield tag="790" ind1=" " ind2="1">
    <subfield code="a">Buoncompagni,</subfield>
    <subfield code="b">Ugo</subfield>
    <subfield code="3">IT\ICCU\CNCA\008198</subfield>
    <subfield code="z">Gregorius &lt;papa ; 13.&gt;</subfield>
  </datafield>
  <datafield tag="791" ind1="0" ind2="0">
    <subfield code="a">Benatius, Victorius</subfield>
    <subfield code="3">IT\ICCU\CNCT\003648</subfield>
    <subfield code="z">Benacci, Vittorio</subfield>
  </datafield>
  <datafield tag="791" ind1="0" ind2="0">
    <subfield code="a">Benacius, Victorius</subfield>
    <subfield code="3">IT\ICCU\CNCT\004325</subfield>
    <subfield code="z">Benacci, Vittorio</subfield>
  </datafield>
  <datafield tag="801" ind1=" " ind2="3">
    <subfield code="a">IT</subfield>
    <subfield code="b">ICCU</subfield>
    <subfield code="c">20201114</subfield>
  </datafield>
  <datafield tag="899" ind1=" " ind2=" ">
    <subfield code="a">Biblioteca Apostolica Vaticana. Citt ̉del Vaticano</subfield>
    <subfield code="1">EX0001</subfield>
    <subfield code="2">ZCV 01</subfield>
  </datafield>
  <datafield tag="899" ind1=" " ind2=" ">
    <subfield code="a">Biblioteca Casanatense. Roma</subfield>
    <subfield code="1">RM0313</subfield>
    <subfield code="2">RML 07</subfield>
  </datafield>
</record>
</collection>
